@misc{ZCU106,
  howpublished = {\url{https://www.xilinx.com/products/boards-and-kits/zcu106.html}},
  title        = {Xilinx ZCU106 Product Overview}
}

@misc{ModelZoo,
  howpublished = {\url{https://github.com/Xilinx/Vitis-AI/tree/master/models/AI-Model-Zoo/model-list}},
  title        = {Vitis AI - Model Zoo}
}

@misc{ConvNetExplain,
  author       = {Sumit Saha},
  howpublished = {\url{http://https://towardsdatascience.com/a-comprehensive-guide-to-convolutional-neural-networks-the-eli5-way-3bd2b1164a53/}},
  title        = {A Comprehensive Guide to Convolutional Neural Networks â€” the ELI5 way}
}

@misc{Tutorial,
  howpublished = {\url{https://github.com/Xilinx/Vitis-Tutorials/tree/2021.2/Vitis_Platform_Creation/Introduction/02-Edge-AI-ZCU104}},
  title        = {Vitis Custom Embedded Platform Creation Example on ZCU104}
}
